<record><leader>00000cas a22000007a 4500</leader><controlfield tag="001">12101348</controlfield><controlfield tag="008">850531d18531858njuwr ne      0    0eng d</controlfield><datafield ind1=" " ind2=" " tag="010"><subfield code="a">sn 85035769 </subfield></datafield><datafield ind1=" " ind2=" " tag="040"><subfield code="a">NPA</subfield><subfield code="b">eng</subfield><subfield code="c">NPA</subfield><subfield code="d">NJW</subfield><subfield code="d">OCLCQ</subfield></datafield><datafield ind1=" " ind2=" " tag="042"><subfield code="a">msc</subfield></datafield><datafield ind1="0" ind2="4" tag="245"><subfield code="a">The People's beacon and independent weekly record.</subfield></datafield><datafield ind1="3" ind2="0" tag="246"><subfield code="a">Independent weekly record</subfield></datafield><datafield ind1=" " ind2=" " tag="260"><subfield code="a">Lambertville, N.J. :</subfield><subfield code="b">F.P. Sellers,</subfield><subfield code="c">1853-1858.</subfield></datafield><datafield ind1=" " ind2=" " tag="300"><subfield code="a">v. :</subfield><subfield code="b">ill. (chiefly advertisements)</subfield></datafield><datafield ind1=" " ind2=" " tag="310"><subfield code="a">Weekly</subfield></datafield><datafield ind1="0" ind2=" " tag="362"><subfield code="a">New ser., v. 1, no. 1 (Nov. 25, 1853)-n.s., v. 5, no. 260 (Nov. 19, 1858).</subfield></datafield><datafield ind1=" " ind2=" " tag="500"><subfield code="a">Published simultaneously in New Hope, Pa., Sept. 8, 1854-Nov. 19, 1858.</subfield></datafield><datafield ind1=" " ind2=" " tag="500"><subfield code="a">Published by Clark Pierson, Sept. 10-Nov. 19, 1858.</subfield></datafield><datafield ind1=" " ind2=" " tag="752"><subfield code="a">United States</subfield><subfield code="b">New Jersey</subfield><subfield code="c">Hunterdon</subfield><subfield code="d">Lambertville.</subfield></datafield><datafield ind1=" " ind2=" " tag="752"><subfield code="a">United States</subfield><subfield code="b">Pennsylvania</subfield><subfield code="c">Bucks</subfield><subfield code="d">New Hope.</subfield></datafield><datafield ind1="0" ind2="0" tag="780"><subfield code="t">Delaware Valley diarist: and weekly advertiser</subfield><subfield code="w">(DLC)sn 85035972</subfield><subfield code="w">(OCoLC)13210394</subfield></datafield><datafield ind1="0" ind2="0" tag="785"><subfield code="t">People's beacon</subfield><subfield code="w">(DLC)sn 85035770</subfield><subfield code="w">(OCoLC)12101495</subfield></datafield></record>